<?xml version="1.0" encoding="UTF-8"?><collection xmlns="http://www.loc.gov/MARC21/slim"><record><leader>00354nam--2200133-i-4500</leader><controlfield tag="001">000030493</controlfield><controlfield tag="002">20161230</controlfield><controlfield tag="005">20161230201038</controlfield><controlfield tag="008">060222s1000------------r-----000-0-eng-d</controlfield><datafield ind1=" " ind2=" " tag="080"><subfield code="a">517.5:513.88:519.55</subfield></datafield><datafield ind1=" " ind2=" " tag="100"><subfield code="a">Lusternik, L.A.I., Sobolev, V.I</subfield></datafield><datafield ind1=" " ind2=" " tag="245"><subfield code="a">Elementi functionalnovo analiza</subfield></datafield><datafield ind1=" " ind2=" " tag="260"><subfield code="a">Moskva, Gostehteorizdat, 1951, 360p</subfield></datafield><datafield ind1=" " ind2=" " tag="852"><subfield code="a">1730</subfield></datafield></record></collection>